@inproceedings{rajkumar10,
  title={Cyber-physical systems: the next computing revolution},
  author={Rajkumar, Ragunathan and Lee, Insup and Sha, Lui and Stankovic, John},
  booktitle={Proceedings of the 47th design automation conference},
  pages={731--736},
  year={2010}
}

@inproceedings{lee06,
  title={Cyber-physical systems-are computing foundations adequate},
  author={Lee, Edward A},
  booktitle={Position paper for NSF workshop on cyber-physical systems: research motivation, techniques and roadmap},
  volume={2},
  pages={1--9},
  year={2006},
  organization={Austin, TX}
}
